<record><leader>00000cas a22000007a 4500</leader><controlfield tag="001">13593227</controlfield><controlfield tag="008">860520d19081908aluwr ne      0    0eng d</controlfield><datafield ind1=" " ind2=" " tag="010"><subfield code="a">sn 86050198 </subfield></datafield><datafield ind1=" " ind2=" " tag="040"><subfield code="a">CPN</subfield><subfield code="b">eng</subfield><subfield code="c">CPN</subfield><subfield code="d">OCLCQ</subfield></datafield><datafield ind1=" " ind2=" " tag="042"><subfield code="a">msc</subfield></datafield><datafield ind1="0" ind2="4" tag="245"><subfield code="a">The Flomaton enterprise.</subfield></datafield><datafield ind1=" " ind2=" " tag="260"><subfield code="a">Flomaton, Ala. :</subfield><subfield code="b">D.C. Williams,</subfield><subfield code="c">1908.</subfield></datafield><datafield ind1=" " ind2=" " tag="300"><subfield code="a">v. :</subfield><subfield code="b">ill. ;</subfield><subfield code="c">54 cm.</subfield></datafield><datafield ind1=" " ind2=" " tag="310"><subfield code="a">Weekly</subfield></datafield><datafield ind1="0" ind2=" " tag="362"><subfield code="a">Vol. 1, no. 1 (July 2, 1908)-v. 1, no. 26 (Dec. 24, 1908).</subfield></datafield><datafield ind1=" " ind2=" " tag="500"><subfield code="a">Editor: D.C. Williams.</subfield></datafield><datafield ind1=" " ind2=" " tag="752"><subfield code="a">United States</subfield><subfield code="b">Alabama</subfield><subfield code="c">Escambia</subfield><subfield code="d">Flomaton.</subfield></datafield><datafield ind1="1" ind2=" " tag="029"><subfield code="a">AU@</subfield><subfield code="b">000025839779</subfield></datafield></record>